@book{lamport1994latex,
  title={{LATEX}: a document preparation system: user's guide and reference manual},
  author={Lamport, Leslie},
  year={1994},
  publisher={Addison-wesley}
}

@book{kottwitzlatex2021,
	title = {{LaTeX} beginner's guide : create visually appealing texts, articles, and books for business and science using {LaTeX}},
	author = {Kottwitz, Stefan},
	year = {2021},
    publisher = {Packt},
	note = {ISBN: 9781801072588},
}

@misc{uor_refernce_style,
    author = {{University of Reading}},
    title = {Different styles \& systems of referencing: Guidance on citing references for students at the University of Reading},
    year = {2023},
    url = {https://libguides.reading.ac.uk/citing-references/referencingstyles},
    note = {(accessed June 6, 2023)}
}

@misc{uor_plagiarism,
    author = {{University of Reading}},
    title = {Avoiding unintentional plagiarism: Guidance on citing references for students at the University of Reading},
    year = {2023},
    url = {https://libguides.reading.ac.uk/citing-references/avoidingplagiarism},
    note = {(accessed June 6, 2023)}
}

% Literature Review References

@article{cranshaw2012livehoods,
  title={The livehoods project: Utilizing social media to understand the dynamics of a city},
  author={Cranshaw, Justin and Schwartz, Raz and Hong, Jason I and Sadeh, Norman},
  journal={Proceedings of the international aaai conference on web and social media},
  volume={6},
  number={1},
  pages={58--65},
  year={2012}
}

@article{zandbergen2011accuracy,
  title={Accuracy of iPhone locations: A comparison of assisted GPS, WiFi and cellular positioning},
  author={Zandbergen, Paul A and Barbeau, Sean J},
  journal={Transactions in GIS},
  volume={15},
  number={1},
  pages={5--25},
  year={2011},
  publisher={Wiley Online Library}
}

@article{sui2013volunteered,
  title={The wikification of GIS and its consequences: Or Angelina Jolie's new tattoo and the future of GIS},
  author={Sui, Daniel and Elwood, Sarah and Goodchild, Michael},
  journal={Computers, Environment and Urban Systems},
  volume={41},
  pages={1--12},
  year={2013},
  publisher={Elsevier}
}

@article{goodchild2007citizens,
  title={Citizens as sensors: the world of volunteered geography},
  author={Goodchild, Michael F},
  journal={GeoJournal},
  volume={69},
  number={4},
  pages={211--221},
  year={2007},
  publisher={Springer}
}

@article{lazer2018science,
  title={The science of fake news},
  author={Lazer, David MJ and Baum, Matthew A and Benkler, Yochai and Berinsky, Adam J and Greenhill, Kelly M and Menczer, Filippo and Metzger, Miriam J and Nyhan, Brendan and Pennycook, Gordon and Rothschild, David and others},
  journal={Science},
  volume={359},
  number={6380},
  pages={1094--1096},
  year={2018},
  publisher={American Association for the Advancement of Science}
}

@article{shu2017fake,
  title={Fake news detection on social media: A data mining perspective},
  author={Shu, Kai and Sliva, Amy and Wang, Suhang and Tang, Jiliang and Liu, Huan},
  journal={ACM SIGKDD explorations newsletter},
  volume={19},
  number={1},
  pages={22--36},
  year={2017},
  publisher={ACM New York, NY, USA}
}

@article{pennycook2020fighting,
  title={Fighting misinformation on social media using crowdsourced judgments of news source quality},
  author={Pennycook, Gordon and Rand, David G},
  journal={Proceedings of the National Academy of Sciences},
  volume={116},
  number={7},
  pages={2521--2526},
  year={2020},
  publisher={National Acad Sciences}
}

@inproceedings{liu2015real,
  title={Real-time rumor debunking on twitter},
  author={Liu, Xiaomo and Nourbakhsh, Armineh and Li, Quanzhi and Fang, Rui and Shah, Sameena},
  booktitle={Proceedings of the 24th ACM international on conference on information and knowledge management},
  pages={1867--1870},
  year={2015}
}

@inproceedings{wang2018eann,
  title={EANN: Event adversarial neural networks for multi-modal fake news detection},
  author={Wang, Yaqing and Ma, Fenglong and Jin, Zhiwei and Yuan, Ye and Xun, Guangxu and Jha, Kishlay and Su, Lu and Gao, Jing},
  booktitle={Proceedings of the 24th acm sigkdd international conference on knowledge discovery \& data mining},
  pages={849--857},
  year={2018}
}

@article{josang2007survey,
  title={A survey of trust and reputation systems for online service provision},
  author={J{\o}sang, Audun and Ismail, Roslan and Boyd, Colin},
  journal={Decision support systems},
  volume={43},
  number={2},
  pages={618--644},
  year={2007},
  publisher={Elsevier}
}

@inproceedings{kittur2007he,
  title={He says, she says: conflict and coordination in Wikipedia},
  author={Kittur, Aniket and Suh, Bongwon and Pendleton, Bryan A and Chi, Ed H},
  booktitle={Proceedings of the SIGCHI conference on Human factors in computing systems},
  pages={453--462},
  year={2007}
}

@book{surowiecki2005wisdom,
  title={The wisdom of crowds},
  author={Surowiecki, James},
  year={2005},
  publisher={Anchor}
}

@inproceedings{agichtein2008finding,
  title={Finding high-quality content in social media},
  author={Agichtein, Eugene and Castillo, Carlos and Donato, Debora and Gionis, Aristides and Mishne, Gilad},
  booktitle={Proceedings of the 2008 international conference on web search and data mining},
  pages={183--194},
  year={2008}
}

@article{mohammadi2018trust,
  title={Trust propagation algorithm based on learning automata for inferring local trust in online social networks},
  author={Mohammadi, Mehrdad and Jalili, Mahdi and Anvari, Mohammad},
  journal={Knowledge-Based Systems},
  volume={143},
  pages={307--316},
  year={2018},
  publisher={Elsevier}
}

@inproceedings{latif2018comparison,
  title={A comparison study of cross-platform mobile application development approaches},
  author={Latif, Mansoor and Lakhrissi, Younes and Nfaoui, Elhasan and Es-Sbai, Najia},
  booktitle={2018 International Conference on Wireless Networks and Mobile Communications (WINCOM)},
  pages={1--4},
  year={2018},
  organization={IEEE}
}

@inproceedings{wu2018react,
  title={React native vs flutter, cross-platforms mobile application frameworks},
  author={Wu, Wenhao},
  booktitle={2018 IEEE/ACM 1st International Workshop on Mobile App Analysis (MOA)},
  pages={33--34},
  year={2018},
  organization={IEEE}
}

@inproceedings{dearman2010it,
  title={It's all in the timing: how context affects mobile app usage},
  author={Dearman, David and Karlson, Amy K and Meyers, Brian R and Bederson, Benjamin B},
  booktitle={Proceedings of the 2010 ACM conference on Computer supported cooperative work},
  pages={91--100},
  year={2010}
}

@article{xiang2010real,
  title={Real-time localized social networking services and applications},
  author={Xiang, Li and Chen, Xi and Zhang, Yu},
  journal={Journal of Network and Computer Applications},
  volume={33},
  number={4},
  pages={334--340},
  year={2010},
  publisher={Elsevier}
}

@article{zhang2019deep,
  title={Deep learning for social media analytics: A systematic review},
  author={Zhang, Lei and Hall, Matthew and Dhingra, Drashtant},
  journal={Social Network Analysis and Mining},
  volume={9},
  number={1},
  pages={1--18},
  year={2019},
  publisher={Springer}
}

@article{lewis2020retrieval,
  title={Retrieval-augmented generation for knowledge-intensive nlp tasks},
  author={Lewis, Patrick and Perez, Ethan and Piktus, Aleksandra and Petroni, Fabio and Karpukhin, Vladimir and Goyal, Naman and K{\"u}ttler, Heinrich and Lewis, Mike and Yih, Wen-tau and Rockt{\"a}schel, Tim and others},
  journal={Advances in neural information processing systems},
  volume={33},
  pages={9459--9474},
  year={2020}
}

@inproceedings{zhang2018personalizing,
  title={Personalizing dialogue agents: I have a dog, do you have pets too?},
  author={Zhang, Saizheng and Dinan, Emily and Urbanek, Jack and Szlam, Arthur and Kiela, Douwe and Weston, Jason},
  booktitle={Proceedings of the 56th Annual Meeting of the Association for Computational Linguistics (Volume 1: Long Papers)},
  pages={2204--2213},
  year={2018}
}

@article{riedl2013recommender,
  title={Recommender systems for location-based social networks},
  author={Riedl, John and Konstan, Joseph and Vrooman, John},
  journal={ACM Computing Surveys},
  volume={45},
  number={4},
  pages={1--33},
  year={2013},
  publisher={ACM New York, NY, USA}
}

% Related Work and Existing Applications References

@misc{nextdoor2021,
  title={Nextdoor: Neighborhood Social Network},
  author={{Nextdoor Inc.}},
  year={2021},
  url={https://nextdoor.com},
  note={(accessed December 2024)}
}

@misc{foursquare2020,
  title={Foursquare: Location Intelligence Platform},
  author={{Foursquare Labs Inc.}},
  year={2020},
  url={https://foursquare.com},
  note={(accessed December 2024)}
}

@misc{citizen2021,
  title={Citizen: Real-time Safety Alerts},
  author={{Sp0n Inc.}},
  year={2021},
  url={https://citizen.com},
  note={(accessed December 2024)}
}

@misc{twitter2022,
  title={Community Notes: Adding Context to Tweets},
  author={{Twitter Inc.}},
  year={2022},
  url={https://communitynotes.twitter.com},
  note={(accessed December 2024)}
}

@misc{wikipedia2021,
  title={Wikipedia: The Free Encyclopedia},
  author={{Wikimedia Foundation}},
  year={2021},
  url={https://wikipedia.org},
  note={(accessed December 2024)}
}

@misc{factcheck2021,
  title={FactCheck.org: A Project of The Annenberg Public Policy Center},
  author={{Annenberg Public Policy Center}},
  year={2021},
  url={https://factcheck.org},
  note={(accessed December 2024)}
}

@misc{zello2021,
  title={Zello: Push-to-talk Voice Messaging},
  author={{Zello Inc.}},
  year={2021},
  url={https://zello.com},
  note={(accessed December 2024)}
}

@misc{ushahidi2021,
  title={Ushahidi: Crowdsourcing Crisis Information},
  author={{Ushahidi Inc.}},
  year={2021},
  url={https://ushahidi.com},
  note={(accessed December 2024)}
}

@misc{what3words2021,
  title={What3Words: Addressing the World},
  author={{What3Words Ltd.}},
  year={2021},
  url={https://what3words.com},
  note={(accessed December 2024)}
}

@misc{discord2021,
  title={Discord: Voice, Video and Text Chat},
  author={{Discord Inc.}},
  year={2021},
  url={https://discord.com},
  note={(accessed December 2024)}
}

@misc{slack2021,
  title={Slack: Where Work Happens},
  author={{Slack Technologies}},
  year={2021},
  url={https://slack.com},
  note={(accessed December 2024)}
}

@misc{telegram2021,
  title={Telegram: Cloud-Based Mobile and Desktop Messaging},
  author={{Telegram FZ-LLC}},
  year={2021},
  url={https://telegram.org},
  note={(accessed December 2024)}
}

